%% This BibTeX bibliography file was created using BibDesk.
%% http://bibdesk.sourceforge.net/

%% Created for Chino Kafu at 2019-01-07 23:16:57 +0900 


%% Saved with string encoding Unicode (UTF-8) 



@inproceedings{ishotihadus:2018:select,
	Author = {Ishotihadus and Hakozaki, Serika},
	Booktitle = {International Idolm@ster Engineering Association Annual Summit and Conference},
	Date-Added = {2019-01-07 23:15:20 +0900},
	Date-Modified = {2019-01-07 23:16:56 +0900},
	Pages = {123--138},
	Title = {Selecting Best Unit on {THE IDOLM@STER MILLIONLIVE! THEATERDAYS} Based on Neo Hyper Great Linear Regression Zwei},
	Year = {2018}}
