%% This BibTeX bibliography file was created using BibDesk.
%% http://bibdesk.sourceforge.net/

%% Created for Chino Kafu at 2019-01-07 23:12:37 +0900


%% Saved with string encoding Unicode (UTF-8)



@inproceedings{mirishita-tool,
	Author = {@mirishita\_tool},
	Booktitle = {International Idolm@ster Engineering Association Annual Summit and Conference},
	Date-Added = {2019-01-07 23:08:55 +0900},
	Date-Modified = {2019-01-07 23:12:34 +0900},
	Pages = {765--876},
	Title = {みりしたつーる},
	Url = {https://megmeg.work/},
	Year = {2018}}
